@book{baumann2014kryptographische,
  title={Kryptographische Systeme},
  author={Baumann, U. and Franz, E. and Pfitzmann, A.},
  isbn={9783642453335},
  series={eXamen.press},
  url={https://books.google.de/books?id=cTkBBQAAQBAJ},
  year={2014},
  publisher={Springer Berlin Heidelberg}
}

@ONLINE{rsabulletin,
author = {RSA Laboratories},
title = {News and advice on data security and cryptography},
url = {ftp://ftp.rsa.com/pub/pdfs/bulletn7.pdf},
}

@ONLINE{ecmascriptfive,
author = {ecma International},
title = {ECMAScript Language Specification},
url = {http://www.ecma-international.org/publications/files/ECMA-ST/Ecma-262.pdf},
}

@ONLINE{wikipedia_aes,
author = {Wikipedia Authors},
title = {Advanced Encryption Standard},
url = {http://de.wikipedia.org/wiki/Advanced_Encryption_Standard},
}

@ONLINE{whiteout_pgp_sync,
author = {Tankred Hase},
title = {Secure PGP Key Sync - A proposal},
url= {https://blog.whiteout.io/2014/07/07/secure-pgp-key-sync-a-proposal/},
}

@ONLINE{unicode_spec,
author = {Julie D. Allen},
title = {The Unicode Standard},
url= {http://www.unicode.org/versions/Unicode6.0.0/ch01.pdf},
}

@ONLINE{dolev_yao,
author = {Danny Dolev and Andrew C. Yao},
title = {On the Security of Public Key Protocols },
url= {http://www.cs.huji.ac.il/~dolev/pubs/dolev-yao-ieee-01056650.pdf},
}

@ONLINE{mutation_testing,
author = {Roger T. Alexander and James M. Bieman and Sudipto Ghosh and Bixia Ji},
title = {Mutation of Java Objects},
url= {http://www.cs.colostate.edu/~bieman/Pubs/AlexanderBiemanGhoshJiISSRE02.pdf},
}

@ONLINE{code_reviews,
author = {Mika V. Mäntylä and Casper Lassenius},
title = {What Types of Defects Are Really Discovered in Code Reviews?},
url= {http://lib.tkk.fi/Diss/2009/isbn9789512298570/article5.pdf},
}

@ONLINE{dependency_locking,
author = {Loren Segal},
title = {Locking Dependency Versions with Bundler},
url= {https://ruby.awsblog.com/post/Tx3JYT9EGRVIC9A/Locking-Dependency-Versions-with-Bundler},
}

@ONLINE{hybrid_encryption,
author = {Ronald Cramer},
title = {Design and Analysis of Practical Public-Key Encryption Schemes Secure against Adaptive Chosen Ciphertext Attack},
url= {http://www.shoup.net/papers/cca2.pdf},
}

@ONLINE{pgp_evaluation,
author = {Alma Whitten and J. D. Tyga},
title = {Why Johnny Can’t Encrypt: A Usability Evaluation of PGP 5.0},
url= {http://www.gaudior.net/alma/johnny.pdf},
}

@book{applied_crypto,
  title = {Applied cryptography : protocols, algorithms and source code in C},
  author = {Schneier, Bruce},
  address = {New York, NY [u.a.]},
  publisher = {Wiley},
  year = {1996},
  edition = {2. ed.},
  isbn = {0-471-11709-9; 0-471-12845-7},
  size = {XXIII, 758 S.},
  keywords = { ; Cryptography / Computer security ; Computers (Software) ; Kryptologie / C <Programmiersprache>},
  URL = {http://swbplus.bsz-bw.de/bsz047874244cov.htm ; http://www.loc.gov/catdir/description/wiley032/95012398.html ; http://www.loc.gov/catdir/toc/onix02/95012398.html ; http://bvbr.bib-bvb.de:8991/F?func=service&doc_library=BVB01&doc_number=006989135&line_number=0001&func_code=DB_RECORDS&service_type=MEDIA},
}
